2514 4950
323 520 535 589 noenum
554 516 862 591 amorraeum
1123 548 1147 609 ‚

211 689 330 743 renuet.
373 674 449 742 Hoc
464 674 501 741 iit
515 678 549 741 in
562 672 733 743 Arboribus.
759 678 818 743 vbi
842 678 980 745 medulla
1008 694 1146 748 moratur
1166 702 1185 747 a

209 760 328 827 duriori
344 760 507 825 substantia
526 764 647 845 ligneaa
670 766 700 824 in
717 754 825 825 Plautio
843 770 953 828 annuis
971 781 1096 841 autem,
1125 770 1184 833 vbi

204 850 308 911 minor
335 844 504 909 tesrstentia
524 845 675 928 corporei
698 845 830 911 laxioris
854 850 966 913 versus
990 850 1182 927 medullam,

204 932 297 995 valet
312 928 390 993 haec
408 928 555 1005 breuius,
580 928 702 1010 absque
725 946 812 993 mora
836 948 1016 1013 gemmacea
1037 936 1129 997 exire
1149 938 1182 998 in

199 1016 335 1085 Florem
360 1012 573 1099 quodcunque
586 1014 670 1075 enim
689 1013 778 1077 valet
793 1014 1030 1098 propulsronem
1051 1016 1179 1082 Medul-

198 1100 253 1163 lae
274 1116 394 1183 augere
411 1110 446 1161 et
465 1097 643 1163 inclusruam
671 1099 738 1161 vinu
753 1098 912 1179 corporei
938 1100 1125 1176 debilitare,
1143 1101 1178 1166 id

196 1181 406 1267 promoucbit
422 1183 678 1247 Florescentiam.

116 1268 271 1335 Faenum
289 1264 366 1328 dum
383 1266 539 1351 producat
555 1264 817 1340 Arbor,Natura
831 1266 1015 1351 anticipabit
1034 1267 1176 1351 quinque

196 1368 352 1415 annorum
369 1354 555 1436 progenies,
579 1347 668 1415 famul
692 1363 760 1413 turn
782 1350 982 1433 proditurus,
1008 1348 1175 1415 lbrniando

196 1454 217 1499 e
235 1434 323 1499 foliis
337 1440 525 1519 gemmaceis
544 1431 641 1497 futuri
658 1434 731 1495 anni
752 1430 905 1509 urano,
922 1438 1078 1518 sequentis
1091 1434 1173 1513 carp·

195 1542 267 1595 cem,
285 1518 480 1663 insequentis
495 1512 663 1592 Corollarr,
678 1520 898 1664 consequentis
912 1517 1054 1589 niarium,
1070 1520 1171 1581 subse·

196 1604 327 1689 quentis
372 1597 497 1679 stillum,
514 1598 665 1666 refertum
681 1602 786 1667 Medu
799 1602 830 1664 la
845 1614 1004 1687 granulata
1023 1600 1172 1675 u'emiuum,

194 1688 335 1752 termino
353 1688 443 1749 vitae
462 1688 651 1769 vegetantis

60 1790 77 1843 ς.
96 1768 739 1921 FLoRErsuOEm‘fflsfltslefflm
756 1766 898 1857 Sponsob'a
919 1772 950 1835 in
975 1771 1095 1844 Flore,
1115 1764 1168 1851 (¹)

195 1867 231 1919 et
341 1868 419 1915 aelli
489 1864 502 1915 t
526 1870 577 1917 el·

108 1940 212 2015 Faue,
232 1868 339 2003 exuis?
348 1934 479 2001 Herbae
493 1936 611 2012 Lama,
625 1935 736 2021 prodit
750 1936 863 2002 Planta
883 1936 1057 2009 declarata,
1076 1936 1169 1997 inter-

192 2038 252 2095 na,
278 2018 364 2085 nuda
383 2032 418 2085 et
441 2015 585 2103 perfetio
611 2018 700 2083 inllar
726 2015 822 2097 insedi
835 2022 953 2105 alligati
980 2020 1166 2084 volitantis:

191 2102 380 2191 Cohoprreti
398 2104 541 2186 Calyce,
558 2102 643 2165 Aleti
658 2106 807 2177 Corolla,
837 2105 1007 2169 constantis
1022 2106 1094 2189 lirim
1114 2100 1127 2157 s
1137 2100 1170 2159 'a'·

185 2187 316 2271 [canuto
345 2188 564 2251 Genitalibus:
584 2184 726 2263 Mascula
747 2184 924 2253 staminibus
947 2208 990 2253 ex
1011 2188 1166 2252 Anthemu

195 2269 434 2352 Tesiiauloriiue,
451 2270 585 2355 repletis
602 2268 728 2335 Polline
741 2270 883 2348 genitali,
907 2278 1091 2337 continente
1107 2270 1166 2331 lu-

192 2354 290 2417 uilior
308 2354 542 2426 viuilitantem,
567 2369 601 2418 et
622 2350 767 2417 Femineir
788 2354 915 2419 Pillillis
934 2376 977 2421 ex
1003 2354 1162 2419 Germiuiu

189 2438 303 2515 ouerio,
318 2440 487 2505 terminato
502 2438 655 2519 stigmate
669 2437 829 2517 valuitne,
850 2440 939 2507 totto
948 2440 1023 2527 poue
1037 2438 1164 2506 tubulo-

191 2524 237 2597 sa,
251 2523 419 2587 resudante
433 2518 586 2605 Lympham
599 2521 758 2600 genitalem.

113 2614 291 2674 duruerat
306 2606 484 2693 peragitur,
502 2606 576 2669 dum
590 2604 752 2669 Arttherae
772 2614 884 2689 ruptae
909 2610 1057 2693 spargunt
1076 2608 1163 2670 suum

189 2684 290 2754 Pallen
303 2688 479 2755 vesiculare
498 2693 586 2773 supro
600 2688 729 2768 Sripno,
754 2708 820 2771 quo
838 2692 921 2753 elllat
938 2690 1001 2755 hoc
1015 2690 1163 2755 inclusam

190 2772 334 2839 Fouttoo
348 2774 531 2848 masculam,
550 2773 806 2835 absorbendama
827 2772 955 2853 lampio
979 2773 1097 2855 genitali
1119 2770 1163 2834 fe-

188 2860 295 2921 minea
308 2855 496 2934 resudante,
520 2872 560 2919 vt
580 2872 770 2943 corporeum
786 2858 954 2920 masculum
978 2858 1087 2922 addito
1101 2860 1162 2919 Fe·

188 2944 297 3005 mineo
313 2940 480 3005 medullari
497 2938 646 3004 conficiat
661 2960 760 3015 ouum,
778 2942 809 3001 in
826 2938 931 3005 iustam
951 2944 1163 3007 maturitatem

191 3022 366 3089 fouendum
385 3024 465 3087 intra
481 3024 639 3087 Ouariunr.

60 3110 78 3165 5.
99 3104 372 3173 PRINCIPIVM
393 3104 677 3182 modificationis,
694 3104 948 3173 Fundamentum
972 3110 1161 3183 Botanices,

190 3186 235 3253 eil
250 3192 345 3255 altius
361 3190 580 3277 repetendum.

107 3272 329 3339 Pronomae
356 3274 426 3361 Sup
472 3291 525 3339 nas
550 3278 590 3353 D.
614 3278 652 3339 0.
680 3277 721 3337 O.
737 3274 769 3337 in
790 3273 964 3357 primordio
986 3294 1006 3337 e
1030 3271 1162 3356 simplici

187 3352 352 3445 progressu
458 3358 648 3442 composita3
671 3360 813 3441 epaucis
832 3356 870 3421 ad
886 3359 993 3443 plura!
1016 3356 1162 3438 adeoque

186 3462 205 3505 a
225 3444 332 3527 ptimo
476 3444 532 3509 bill
573 3444 648 3506 tinci
676 3442 724 3515 lo,
740 3454 790 3505 tot
806 3454 925 3505 tantum
941 3436 1057 3505 creasse
1075 3443 1162 3523 plen-

185 3542 236 3593 tas
251 3524 399 3600 diuersas,
409 3536 488 3609 quot
504 3544 539 3589 or
557 3525 640 3588 r'rresr
665 3522 798 3599 etmulti.
841 3525 908 3589 llas
922 3524 1067 3587 ordinum
1077 3524 1161 3605 plan·

186 3622 247 3682 tas,
261 3610 373 3672 lrtvrr
386 3606 461 3673 dein
477 3611 520 3674 ita
535 3613 617 3673 inter
633 3614 664 3673 se
681 3608 862 3692 generando
871 3604 1039 3679 -miscuiile,
1056 3624 1096 3669 vt
1114 3620 1161 3669 to-

186 3690 288 3757 tidem
304 3694 505 3757 exorirentur
519 3696 745 3777 plantae,quot
762 3688 859 3755 hodie
877 3688 1016 3755 distincta
1026 3688 1161 3755 existunt

184 3770 309 3839 Genera.
351 3776 505 3841 Naturam
520 3774 593 3839 dein
616 3776 790 3839 Genericas
807 3774 861 3837 luas
877 3774 1017 3860 plantas,
1034 3791 1092 3856 per
1107 3794 1160 3856 ge-

184 3861 366 3924 nerationes
381 3861 558 3945 ambigenae
581 3870 683 3943 (quae
703 3856 884 3923 structuram
907 3856 996 3923 doris
1011 3874 1076 3919 non
1094 3877 1156 3920 rnu-

183 3944 272 4017 tant)
286 3946 369 4009 inter
387 3947 419 4009 se
441 3939 590 4009 miscuisse
611 3956 644 4006 et
668 3940 885 4023 multiplicasse
908 3945 939 4003 in
960 3940 1068 4023 ..species
1093 3944 1157 4003 exi·

185 4022 315 4103 stentem
334 4037 494 4110 quotquot
515 4024 693 4109 potabiles,
709 4022 843 4089 exclusis
866 4038 967 4088 tanuen
986 4042 1004 4084 e
1025 4040 1155 4087 numero

225 4112 375 4183 ecierum,
393 4110 434 4173 ab
452 4108 607 4177 eiusmodi
630 4111 831 4195 generatione
848 4108 1012 4199 productis
1036 4109 1156 4173 Plantis

243 4194 344 4271 iridis,
366 4204 484 4281 utpote
501 4194 666 4260 sterilibus

585 4283 657 4357 A5
1047 4273 1114 4338 Ge·

99 4455 158 4525 υ)
171 4434 301 4527 thouara
316 4461 468 4529 aarum
502 4464 606 4514 ,unm
620 4456 689 4511 oea.
711 4460 777 4517 rra.
